<?xml version="1.0" encoding="UTF-8"?><collection xmlns="http://www.loc.gov/MARC21/slim"><record><leader>00596nam--2200169-i-4500</leader><controlfield tag="001">000026888</controlfield><controlfield tag="002">20161230</controlfield><controlfield tag="005">20161230201036</controlfield><controlfield tag="008">060222s1000------------r-----000-0-ger-d</controlfield><datafield ind1=" " ind2=" " tag="041"><subfield code="a">ger</subfield></datafield><datafield ind1=" " ind2=" " tag="080"><subfield code="a">539.172.2(043)</subfield></datafield><datafield ind1="1" ind2=" " tag="100"><subfield code="a">Kohl, Hans-joachim</subfield></datafield><datafield ind1="1" ind2="0" tag="245"><subfield code="a">Theorie der unelastischen stenung mittelschneller elektronen an einkristallen unter besonderer berucksichtigung der: 1:lokalisatioa, ii:vielfachstreuung, iii.absorption</subfield><subfield code="b">Dissertation</subfield><subfield code="c">Hans-joachim kohl</subfield></datafield><datafield ind1=" " ind2=" " tag="260"><subfield code="a">Berlin</subfield><subfield code="b">Technischen Universitat</subfield><subfield code="c">1987</subfield></datafield><datafield ind1=" " ind2=" " tag="300"><subfield code="a">223P</subfield></datafield><datafield ind1=" " ind2=" " tag="852"><subfield code="a">74297</subfield><subfield code="c">539.17</subfield></datafield><datafield ind1=" " ind2=" " tag="CAT"><subfield code="a">Sys</subfield><subfield code="c">20120625</subfield><subfield code="h">154410</subfield></datafield></record></collection>